<?xml version="1.0" encoding="UTF-8"?><record xmlns="http://www.loc.gov/MARC21/slim" xmlns:cinclude="http://apache.org/cocoon/include/1.0" xmlns:zs="http://www.loc.gov/zing/srw/">
  <leader>00499nz  a2200133n  4500</leader>
  <controlfield tag="001">n 2004017428</controlfield>
  <controlfield tag="003">DLC</controlfield>
  <controlfield tag="005">20041014081440.0</controlfield>
  <controlfield tag="008">041014n| acannaabn          |n aaa      </controlfield>
  <datafield tag="010" ind1=" " ind2=" ">
    <subfield code="a">n 2004017428</subfield>
  </datafield>
  <datafield tag="040" ind1=" " ind2=" ">
    <subfield code="a">DLC</subfield>
    <subfield code="b">eng</subfield>
    <subfield code="c">DLC</subfield>
  </datafield>
  <datafield tag="100" ind1="1" ind2=" ">
    <subfield code="a">Thomas, Frédéric,</subfield>
    <subfield code="d">1970-</subfield>
  </datafield>
  <datafield tag="670" ind1=" " ind2=" ">
    <subfield code="a">Parasitism and ecosystems, 2005:</subfield>
    <subfield code="b">CIP t.p. (Frédéric Thomas) data sheet (researcher at the National Center for Scientific Research (CNRS))</subfield>
  </datafield>
  <datafield tag="670" ind1=" " ind2=" ">
    <subfield code="a">Email to author, Oct. 13, 2004 (Frédéric Thomas; b. Aug. 19, 1970)</subfield>
  </datafield>
</record>